
@Book{Devroy,
	Author = {Devroye, L.},
	ALTeditor = {},
	title = { Non-uniform random variate generation},
	publisher = {Springer-Verlag New},
	year = {1986},

}
@InBook{papoulis,
	Author = {Papoulis A},
	title = {probability, Random Variables, and Stochastic Process},
	chapter = {The Concept Of A Random Variable},
	publisher = {Springer-Verlag New},
	year = {1991}
	OPTedition = {3rd},
	OPTpages = {74},

	
}
@Article{514,
	author = {Boorghany A,Bayat Sarmadi S, Jalili R.},
	title = {On Constrained Implementation of
	Lattice-based Cryptographic Primitives and Schemes on
	Smart Cards.},
	journal = { IACR Cryptology ePrint Archive, Report 2014/078,available at https://eprint.iacr.org/2014/078.pdf.},
	year = {2014},

}
@Article{510,
	author = {Buchmann J, Cabarcas D, Gopfert F, Hulsing A, Weiden P.},
	title = {Discrete Ziggurat: A Time-Memory Trade-oﬀ for
	Sampling from a Gaussian Distribution over the
	Integers.},

}
@Article{rejection,
	author = {Gottert N, Feller T, Schneider M, Buchmann J, Huss S.},
	title = {On the Design of Hardware Building Blocks for Modern Lattice-Based Encryption Schemes.},
	journal = {Prouﬀ and P. Schaumont (Eds.): CHES 2012, LNCS 7428, pp. 512–529, 2012.\copyright\ International Association for Cryptologic Research 2012.},
	year = {2012},

}
@Article{article,
	author = {Sinha Roy S, Vercauteren F,  Verbauwhede I.},
	title = {High Precision Discrete Gaussian Sampling on},

}

@Article{Bernoulli,
	author = {Ducas L, Durmus A,  Lepoint T,  Lyubashevsky V. },
	title = { Lattice Signatures and Bimodal Gaussians.},
	
}




