@Preamble{"\def\germ{\frak} \def\scr{\cal}
 \ifx\documentclass\undefinedcs
      \def\bf{\fam\bffam\tenbf}\def\rm{\fam0\tenrm}\fi
                          % f**k-amstex!
 \def\defaultdefine#1#2{\expandafter\ifx\csname#1\endcsname\relax
 \expandafter\def\csname#1\endcsname{#2}\fi}
 \defaultdefine{Bbb}{\bf}   \defaultdefine{frak}{\bf}
  \defaultdefine{=}{\B}   % doublef**k-amstex!!
  \defaultdefine{mathfrak}{\frak}
       \defaultdefine{mathbb}{\bf}
       \defaultdefine{mathcal}{\cal}
      \defaultdefine{beth}{BETH}\defaultdefine{cal}{\bf}
     \def\bbfI{{\Bbb I}}   \def\mbox{\hbox}  \def\text{\hbox}
   \def\om{\omega}    \def\Cal#1{{\bf #1}} \def\pcf{pcf}
        \defaultdefine{cf}{cf}
    \defaultdefine{reals}{{\Bbb R}} \defaultdefine{real}{{\Bbb R}}
   \def\restriction{{|}}  \def\club{CLUB}
   \def\w{\omega} \def\exist{\exists}
   \def\se{{\germ se}}     \def\bb{{\bf b}}
   \def\equivalence{\equiv}
   \let\lt<  \let\gt>
           "}

@book{elements,
  author = {T. Hastie,R. Tibshirani,Friedman},
  title = {Elements of Statistical Learning},
}

@article{Xarticle,
	author    = "Laurence Meylan, Sabine SÃ¼sstrunk",
	title     = "High Dynamic Range Image Rendering	With a Retinex-Based Adaptive Filter",
	journal   = "IEEE TRANSACTIONS ON IMAGE PROCESSING",
	%volume   = "15",
	%number   = "9",
	%pages    = "2820-2830",
	year      = "2006",
	%month    = "September",
	%note     = "",
}
@article{Xarticle,
	author    = "Erik Reinhard, Michael Stark",
	title     = "Photographic Tone Reproduction for Digital Images",
	journal   = "ACM Transactions on Graphics",
	%volume   = "21",
	%number   = "3",
	%pages    = "267-276 ",
	year      = "2002",
	%month    = "july",
	%note     = "",
}
@article{Xarticle,
	author    = "G. Buchsbaum and A. Gottschalk",
	title     = "Trichromacy, opponent colours
	coding and optimum colour information transmission in the retina",
	journal   = "Roy. Soc. Lond. B, Biol. Sci",
	%volume   = "220",
	%number   = "",
	%pages    = "88-113",
	year      = "1983",
	%month    = "",
	%note     = "",
}
@article{Xarticle,
	author    = "Grzegorz Krawczyk, habil. Karol Myszkowski , Daniel Brosch",
	title     = "HDR Tone Mapping",
	journal   = "ADVANCED MICROELECTRONICS",
	%volume   = "26",
	%number   = "",
	%pages    = " 147-178",
	year      = "2007",
	%month    = "",
	%note     = "",
}

